<?xml version="1.0" encoding="UTF-8"?><collection xmlns="http://www.loc.gov/MARC21/slim"><record><leader>00415nam--2200145-i-4500</leader><controlfield tag="001">000024582</controlfield><controlfield tag="002">20161230</controlfield><controlfield tag="005">20161230201035</controlfield><controlfield tag="008">060222s1000------------r-----000-0-eng-d</controlfield><datafield ind1=" " ind2=" " tag="080"><subfield code="a">615.849:539.12.04</subfield></datafield><datafield ind1=" " ind2=" " tag="100"><subfield code="a">Greening, J.R</subfield></datafield><datafield ind1=" " ind2=" " tag="245"><subfield code="a">Fundamentals of radiation dosimetry. second edition</subfield></datafield><datafield ind1=" " ind2=" " tag="260"><subfield code="a">Bristol And Boston, Adam Hilger Ltd., 1985. X + 176 P</subfield></datafield><datafield ind1=" " ind2=" " tag="490"><subfield code="a">Medical Physics Handbooks</subfield></datafield><datafield ind1=" " ind2=" " tag="852"><subfield code="a">74123</subfield></datafield></record></collection>